<?xml version="1.0" encoding="UTF-8"?>
  <record xmlns="http://www.loc.gov/MARC21/slim" type="Authority">
    <leader>00000nz  a2200000oc 4500</leader>
    <controlfield tag="001">137703996</controlfield>
    <controlfield tag="003">DE-101</controlfield>
    <controlfield tag="005">20190918130322.0</controlfield>
    <controlfield tag="008">090323n||aznnnaabn           | aaa    |c</controlfield>
    <datafield tag="024" ind1="7" ind2=" ">
      <subfield code="a">137703996</subfield>
      <subfield code="0">http://d-nb.info/gnd/137703996</subfield>
      <subfield code="2">gnd</subfield>
    </datafield>
    <datafield tag="035" ind1=" " ind2=" ">
      <subfield code="a">(DE-101)137703996</subfield>
    </datafield>
    <datafield tag="035" ind1=" " ind2=" ">
      <subfield code="a">(DE-588)137703996</subfield>
    </datafield>
    <datafield tag="035" ind1=" " ind2=" ">
      <subfield code="z">(DE-588a)137703996</subfield>
      <subfield code="9">v:zg</subfield>
    </datafield>
    <datafield tag="040" ind1=" " ind2=" ">
      <subfield code="a">DE-14</subfield>
      <subfield code="c">DE-14</subfield>
      <subfield code="9">r:DE-600</subfield>
      <subfield code="b">ger</subfield>
      <subfield code="d">0547</subfield>
    </datafield>
    <datafield tag="042" ind1=" " ind2=" ">
      <subfield code="a">gnd2</subfield>
    </datafield>
    <datafield tag="043" ind1=" " ind2=" ">
      <subfield code="c">XA-DE</subfield>
    </datafield>
    <datafield tag="075" ind1=" " ind2=" ">
      <subfield code="b">p</subfield>
      <subfield code="2">gndgen</subfield>
    </datafield>
    <datafield tag="075" ind1=" " ind2=" ">
      <subfield code="b">piz</subfield>
      <subfield code="2">gndspec</subfield>
    </datafield>
    <datafield tag="079" ind1=" " ind2=" ">
      <subfield code="a">g</subfield>
      <subfield code="q">a</subfield>
      <subfield code="q">f</subfield>
      <subfield code="q">z</subfield>
      <subfield code="u">k</subfield>
    </datafield>
    <datafield tag="100" ind1="0" ind2=" ">
      <subfield code="a">Heinrich</subfield>
      <subfield code="b">III., 1603-1640</subfield>
      <subfield code="c">Reuß-Gera, Graf</subfield>
      <subfield code="d">1603-1640</subfield>
    </datafield>
    <datafield tag="375" ind1=" " ind2=" ">
      <subfield code="a">1</subfield>
      <subfield code="2">iso5218</subfield>
    </datafield>
    <datafield tag="400" ind1="0" ind2=" ">
      <subfield code="a">Heinrich</subfield>
      <subfield code="b">III.</subfield>
      <subfield code="c">Reuß-Gera, Graf</subfield>
      <subfield code="d">1603-1640</subfield>
    </datafield>
    <datafield tag="400" ind1="0" ind2=" ">
      <subfield code="a">Heinrich</subfield>
      <subfield code="b">III., 1603-1640</subfield>
      <subfield code="c">Reuß-Schleiz, Graf</subfield>
      <subfield code="d">1603-1640</subfield>
    </datafield>
    <datafield tag="400" ind1="0" ind2=" ">
      <subfield code="a">Heinrich</subfield>
      <subfield code="b">III., 1603-1640</subfield>
      <subfield code="c">Reuß-Plauen, Graf</subfield>
      <subfield code="d">1603-1640</subfield>
    </datafield>
    <datafield tag="400" ind1="0" ind2=" ">
      <subfield code="a">Heinrich</subfield>
      <subfield code="b">III.</subfield>
      <subfield code="c">Reuß, jüngere Linie Gera, Graf</subfield>
      <subfield code="d">1603-1640</subfield>
    </datafield>
    <datafield tag="400" ind1="0" ind2=" ">
      <subfield code="a">Heinrich</subfield>
      <subfield code="b">III.</subfield>
      <subfield code="c">Reuß, jüngere Linie, Graf</subfield>
      <subfield code="d">1603-1640</subfield>
    </datafield>
    <datafield tag="400" ind1="0" ind2=" ">
      <subfield code="a">Heinricus</subfield>
      <subfield code="b">III.</subfield>
      <subfield code="c">Ruthenus, Comes</subfield>
      <subfield code="d">1603-1640</subfield>
    </datafield>
    <datafield tag="400" ind1="0" ind2=" ">
      <subfield code="a">Henricus</subfield>
      <subfield code="b">III.</subfield>
      <subfield code="c">Ruthenus, Comes</subfield>
      <subfield code="d">1603-1640</subfield>
    </datafield>
    <datafield tag="400" ind1="0" ind2=" ">
      <subfield code="a">Heinrich</subfield>
      <subfield code="b">III.</subfield>
      <subfield code="c">Reuß-Gera, jüngere Linie, Graf</subfield>
      <subfield code="d">1603-1640</subfield>
    </datafield>
    <datafield tag="400" ind1="0" ind2=" ">
      <subfield code="a">Heinrich</subfield>
      <subfield code="b">III.</subfield>
      <subfield code="c">Reuß-Gera I, jüngere Linie, Graf</subfield>
      <subfield code="d">1603-1640</subfield>
    </datafield>
    <datafield tag="400" ind1="0" ind2=" ">
      <subfield code="a">Heinricus</subfield>
      <subfield code="b">III.</subfield>
      <subfield code="c">Ruthenus, iunior linea</subfield>
      <subfield code="d">1603-1640</subfield>
    </datafield>
    <datafield tag="400" ind1="0" ind2=" ">
      <subfield code="a">Henricus</subfield>
      <subfield code="b">III.</subfield>
      <subfield code="c">Ruthenus, iunior linea</subfield>
      <subfield code="d">1603-1640</subfield>
    </datafield>
    <datafield tag="500" ind1="0" ind2=" ">
      <subfield code="0">(DE-101)104254173</subfield>
      <subfield code="0">(DE-588)104254173</subfield>
      <subfield code="0">https://d-nb.info/gnd/104254173</subfield>
      <subfield code="a">Heinrich</subfield>
      <subfield code="c">Reuß-Gera</subfield>
      <subfield code="d">1572-1635</subfield>
      <subfield code="4">bezf</subfield>
      <subfield code="4">https://d-nb.info/standards/elementset/gnd#familialRelationship</subfield>
      <subfield code="w">r</subfield>
      <subfield code="i">Beziehung familiaer</subfield>
      <subfield code="e">Beziehung familiaer</subfield>
      <subfield code="9">v:Vater</subfield>
    </datafield>
    <datafield tag="500" ind1="0" ind2=" ">
      <subfield code="0">(DE-101)10425422X</subfield>
      <subfield code="0">(DE-588)10425422X</subfield>
      <subfield code="0">https://d-nb.info/gnd/10425422X</subfield>
      <subfield code="a">Heinrich</subfield>
      <subfield code="b">I.</subfield>
      <subfield code="c">Reuß-Schleiz, Graf</subfield>
      <subfield code="d">1639-1692</subfield>
      <subfield code="4">bezf</subfield>
      <subfield code="4">https://d-nb.info/standards/elementset/gnd#familialRelationship</subfield>
      <subfield code="w">r</subfield>
      <subfield code="i">Beziehung familiaer</subfield>
      <subfield code="e">Beziehung familiaer</subfield>
      <subfield code="9">v:Sohn</subfield>
    </datafield>
    <datafield tag="548" ind1=" " ind2=" ">
      <subfield code="a">1603-1640</subfield>
      <subfield code="4">datl</subfield>
      <subfield code="4">https://d-nb.info/standards/elementset/gnd#dateOfBirthAndDeath</subfield>
      <subfield code="w">r</subfield>
      <subfield code="i">Lebensdaten</subfield>
    </datafield>
    <datafield tag="548" ind1=" " ind2=" ">
      <subfield code="a">31.10.1603-12.07.1640</subfield>
      <subfield code="4">datx</subfield>
      <subfield code="4">https://d-nb.info/standards/elementset/gnd#dateOfBirthAndDeath</subfield>
      <subfield code="w">r</subfield>
      <subfield code="i">Exakte Lebensdaten</subfield>
    </datafield>
    <datafield tag="551" ind1=" " ind2=" ">
      <subfield code="0">(DE-101)04020295X</subfield>
      <subfield code="0">(DE-588)4020295-1</subfield>
      <subfield code="0">https://d-nb.info/gnd/4020295-1</subfield>
      <subfield code="a">Gera</subfield>
      <subfield code="4">ortg</subfield>
      <subfield code="4">https://d-nb.info/standards/elementset/gnd#placeOfBirth</subfield>
      <subfield code="w">r</subfield>
      <subfield code="i">Geburtsort</subfield>
    </datafield>
    <datafield tag="551" ind1=" " ind2=" ">
      <subfield code="0">(DE-101)040297055</subfield>
      <subfield code="0">(DE-588)4029705-6</subfield>
      <subfield code="0">https://d-nb.info/gnd/4029705-6</subfield>
      <subfield code="a">Karlsbad</subfield>
      <subfield code="4">orts</subfield>
      <subfield code="4">https://d-nb.info/standards/elementset/gnd#placeOfDeath</subfield>
      <subfield code="w">r</subfield>
      <subfield code="i">Sterbeort</subfield>
    </datafield>
    <datafield tag="667" ind1=" " ind2=" ">
      <subfield code="a">14</subfield>
    </datafield>
    <datafield tag="667" ind1=" " ind2=" ">
      <subfield code="a">VD-17</subfield>
    </datafield>
    <datafield tag="670" ind1=" " ind2=" ">
      <subfield code="a">Europäische Stammtaf., 163-174</subfield>
    </datafield>
    <datafield tag="670" ind1=" " ind2=" ">
      <subfield code="a">Europ. Stammtafeln N.F. I,3, Taf. 362</subfield>
    </datafield>
    <datafield tag="672" ind1=" " ind2="0">
      <subfield code="a">Judaeus, Johannes: Leichen-Predigt, über die Wort Königes Davids ... - 1653</subfield>
    </datafield>
    <datafield tag="678" ind1=" " ind2=" ">
      <subfield code="b">Reuß von Plauen, Herr zu Gera (1635-1640), Herr zu Schleiz, Lobenstein und Saalburg (1635-1640); gemäß Vertrag von 1637 bleiben die vier Brüder bis 1647 im gemeinschaftlichen Besitz der ererbten Herrschaften mit Hofhaltung zu Gera, er nimmt mit Einwilligung seiner Brüder seinen Wohnsitz zu Schleiz; seit 1637 verheiratet mit Wild- und Rheingräfin Elisabeth Juliane zu Salm-Neufville</subfield>
    </datafield>
    <datafield tag="913" ind1=" " ind2=" ">
      <subfield code="S">pnd</subfield>
      <subfield code="i">5</subfield>
      <subfield code="a">Heinrich &lt;Reuß-Gera, Graf, III., 1603-1640&gt;</subfield>
      <subfield code="0">(DE-588a)137703996</subfield>
    </datafield>
  </record>
